@article{fukushima1980self,
  title={A self-organizing neural network model for a mechanism of pattern recognition unaffected by shift in position},
  author={Fukushima, Kunihiko},
  journal={Biol, Cybern},
  volume={36},
  pages={193--202},
  year={1980}
}